@article{schmidt2018more,
  title={More, Larger, Simpler: How Comparable Are On-Farm and On-Station Trials for Cultivar Evaluation?},
  author={Schmidt, P and M{\"o}hring, J and Koch, RJ and Piepho, H-P},
  journal={Crop Science},
  volume={58},
  number={4},
  pages={1508--1518},
  year={2018},
  publisher={The Crop Science Society of America, Inc.}
}

@article{zeljenkova2016one,
  title={One-year oral toxicity study on a genetically modified maize MON810 variety in Wistar Han RCC rats (EU 7th Framework Programme project GRACE)},
  author={Zeljenkov{\'a}, Dagmar and Al{\'a}{\v{c}}ov{\'a}, Radka and Ondrejkov{\'a}, J{\'u}lia and Ambru{\v{s}}ov{\'a}, Katar{\'\i}na and Bartu{\v{s}}ov{\'a}, M{\'a}ria and Kebis, Anton and Kovri{\v{z}}nych, Jevgenij and Rollerov{\'a}, Eva and Szabov{\'a}, Elena and Wimmerov{\'a}, So{\v{n}}a and others},
  journal={Archives of toxicology},
  volume={90},
  number={10},
  pages={2531--2562},
  year={2016},
  publisher={Springer}
}

@article{schmidt2017variability,
  title={Variability of control data and relevance of observed group differences in five oral toxicity studies with genetically modified maize MON810 in rats},
  author={Schmidt, Kerstin and Schmidtke, J{\"o}rg and Schmidt, Paul and Kohl, Christian and Wilhelm, Ralf and Schiemann, Joachim and Van Der Voet, Hilko and Steinberg, Pablo},
  journal={Archives of toxicology},
  volume={91},
  number={4},
  pages={1977--2006},
  year={2017},
  publisher={Springer}
}

@article{tulinska2018humoral,
  title={Humoral and cellular immune response in Wistar Han RCC rats fed two genetically modified maize MON810 varieties for 90 days (EU 7th Framework Programme project GRACE)},
  author={Tulinsk{\'a}, Jana and Adel-Patient, Karine and Bernard, Herv{\'e} and L{\'\i}{\v{s}}kov{\'a}, Aur{\'e}lia and Kuricov{\'a}, Miroslava and Ilavsk{\'a}, Silvia and Horv{\'a}thov{\'a}, Mira and Kebis, Anton and Rollerov{\'a}, Eva and Babincov{\'a}, J{\'u}lia and others},
  journal={Archives of toxicology},
  volume={92},
  number={7},
  pages={2385--2399},
  year={2018},
  publisher={Springer Berlin Heidelberg}
}

@article{schmidt2019estimating,
  title={Estimating Broad-Sense Heritability with Unbalanced Data from Agricultural Cultivar Trials},
  author={Schmidt, P and Hartung, J and Rath, J and Piepho, H-P},
  journal={Crop Science},
  volume={59},
  number={2},
  pages={525--536},
  year={2019},
  publisher={The Crop Science Society of America, Inc.}
}

@article{schmidt2019heritability,
  title={Heritability in plant breeding on a genotype-difference basis},
  author={Schmidt, Paul and Hartung, Jens and Bennewitz, J{\"o}rn and Piepho, Hans-Peter},
  journal={Genetics},
  volume={212},
  number={4},
  pages={991--1008},
  year={2019},
  publisher={Genetics}
}

@phdthesis{schmidt2020estimating,
  title={Estimating heritability in plant breeding programs},
  author={Schmidt, Paul},
  year={2020},
  school={University of Hohenheim}
}

@article{buntaran2020cross,
  title={Cross-validation of stage-wise mixed-model analysis of Swedish variety trials with winter wheat and spring barley},
  author={Buntaran, Harimurti and Piepho, Hans-Peter and Schmidt, Paul and Ryd{\'e}n, Jesper and Halling, Magnus and Forkman, Johannes},
  journal={Crop Science},
  year={2020}
}

@article{kukowski2020auswirkungen,
  title={Auswirkungen atmosph{\"a}rischer Stickstoffeintr{\"a}ge auf magere Flachland-M{\"a}hwiesen in Baden-W{\"u}rttemberg},
  author={Kukowski, Sina and Schmidt, Paul and Piepho, Hans-Peter and R{\"o}hl, Markus and Hauffe, Hans-Karl and Streck, Thilo},
  journal={Natur und Landschaft},
  volume={95},
  number={2},
  pages={58--67},
  year={2020}
}